@inproceedings{ROCHADE,
  author    = {Simon Placht and
               Peter F{\"{u}}rsattel and
               Etienne Assoumou Mengue and
               Hannes G. Hofmann and
               Christian Schaller and
               Michael Balda and
               Elli Angelopoulou},
  editor    = {David J. Fleet and
               Tom{\'{a}}s Pajdla and
               Bernt Schiele and
               Tinne Tuytelaars},
  title     = {{ROCHADE:} Robust Checkerboard Advanced Detection for Camera Calibration},
  booktitle = {Computer Vision - {ECCV} 2014 - 13th European Conference, Zurich,
               Switzerland, September 6-12, 2014, Proceedings, Part {IV}},
  series    = {Lecture Notes in Computer Science},
  volume    = {8692},
  pages     = {766--779},
  publisher = {Springer},
  year      = {2014},
  url       = {https://doi.org/10.1007/978-3-319-10593-2\_50},
  doi       = {10.1007/978-3-319-10593-2\_50},
  timestamp = {Tue, 14 May 2019 10:00:45 +0200},
  biburl    = {https://dblp.org/rec/conf/eccv/PlachtFMHSBA14.bib},
  bibsource = {dblp computer science bibliography, https://dblp.org}
}

@inproceedings{deep3d,
  author    = {Yu Deng and
               Jiaolong Yang and
               Sicheng Xu and
               Dong Chen and
               Yunde Jia and
               Xin Tong},
  title     = {Accurate 3D Face Reconstruction With Weakly-Supervised Learning: From
               Single Image to Image Set},
  booktitle = {{IEEE} Conference on Computer Vision and Pattern Recognition Workshops,
               {CVPR} Workshops 2019, Long Beach, CA, USA, June 16-20, 2019},
  pages     = {285--295},
  publisher = {Computer Vision Foundation / {IEEE}},
  year      = {2019},
  url       = {http://openaccess.thecvf.com/content\_CVPRW\_2019/html/AMFG/Deng\_Accurate\_3D\_Face\_Reconstruction\_With\_Weakly-Supervised\_Learning\_From\_Single\_Image\_CVPRW\_2019\_paper.html},
  doi       = {10.1109/CVPRW.2019.00038},
  timestamp = {Mon, 30 Aug 2021 17:04:30 +0200},
  biburl    = {https://dblp.org/rec/conf/cvpr/DengYX0JT19.bib},
  bibsource = {dblp computer science bibliography, https://dblp.org}
}

